<record><leader>00000cas a22000007a 4500</leader><controlfield tag="001">15728094</controlfield><controlfield tag="008">870522d190219uuiaucr ne      0    0eng d</controlfield><controlfield tag="009">5087</controlfield><datafield ind1=" " ind2=" " tag="010"><subfield code="a">sn 87057495 </subfield></datafield><datafield ind1=" " ind2=" " tag="040"><subfield code="a">INP</subfield><subfield code="b">eng</subfield><subfield code="c">INP</subfield><subfield code="d">OCLCQ</subfield></datafield><datafield ind1="1" ind2=" " tag="029"><subfield code="a">AU@</subfield><subfield code="b">000040177891</subfield></datafield><datafield ind1=" " ind2=" " tag="042"><subfield code="a">msc</subfield></datafield><datafield ind1="0" ind2="0" tag="245"><subfield code="a">Shenandoah world.</subfield></datafield><datafield ind1=" " ind2=" " tag="260"><subfield code="a">Shenandoah, Iowa :</subfield><subfield code="b">W.D. Jamieson,</subfield><subfield code="c">1902-</subfield></datafield><datafield ind1=" " ind2=" " tag="300"><subfield code="a">v.</subfield></datafield><datafield ind1=" " ind2=" " tag="310"><subfield code="a">Semiweekly</subfield></datafield><datafield ind1="0" ind2=" " tag="362"><subfield code="a">Vol. 11, no. 55 (Mar. 18, 1902)-v. 34, no. 104 (Sept. 30, 1921) ; v. 31, no. 3 (Oct. 4, 1921)-</subfield></datafield><datafield ind1=" " ind2=" " tag="500"><subfield code="a">Publisher varies.</subfield></datafield><datafield ind1=" " ind2=" " tag="515"><subfield code="a">Issues for Sept. 20-23, 1921, called v. 34, no. 1-2, but constitute v. 34, no. 101-102.</subfield></datafield><datafield ind1=" " ind2=" " tag="752"><subfield code="a">United States</subfield><subfield code="b">Iowa</subfield><subfield code="c">Page</subfield><subfield code="d">Shenandoah.</subfield></datafield><datafield ind1="0" ind2=" " tag="775"><subfield code="t">Shenandoah daily world</subfield><subfield code="w">(DLC)sn 87057496</subfield></datafield><datafield ind1="0" ind2="0" tag="780"><subfield code="t">World (Shenandoah, Iowa : 1900)</subfield><subfield code="w">(DLC)sn 87057494</subfield></datafield><datafield ind1="0" ind2="5" tag="780"><subfield code="t">Farragut leader (Farragut, Iowa : 1904)</subfield></datafield></record>